@inproceedings{DBLP:conf/wabi/Myers14,
	Author = {Gene Myers},
	Booktitle = {Algorithms in Bioinformatics - 14th International Workshop, {WABI} 2014, Wroclaw, Poland, September 8-10, 2014. Proceedings},
	Crossref = {DBLP:conf/wabi/2014},
	Pages = {52--67},
	Title = {Efficient Local Alignment Discovery amongst Noisy Long Reads},
	Year = {2014}}

@proceedings{DBLP:conf/wabi/2014,
	Editor = {Daniel G. Brown and Burkhard Morgenstern},
	Publisher = {Springer},
	Title = {Algorithms in Bioinformatics - 14th International Workshop, {WABI} 2014, Wroclaw, Poland, September 8-10, 2014. Proceedings},
	Volume = {8701},
	Year = {2014}}

@article{Roberts:2004fv,
	Author = {Roberts, Michael and others},
	Journal = {Bioinformatics},
	Pages = {3363-9},
	Title = {Reducing storage requirements for biological sequence comparison},
	Volume = {20},
	Year = {2004}}

@article{Myers:2005bh,
	Author = {Myers, Eugene W},
	Journal = {Bioinformatics},
	Pages = {ii79-85},
	Title = {The fragment assembly string graph},
	Volume = {21 Suppl 2},
	Year = {2005}}

@article{Zerbino:2008uq,
	Author = {Zerbino, Daniel R and Birney, Ewan},
	Journal = {Genome Res},
	Pages = {821-9},
	Title = {Velvet: algorithms for de novo short read assembly using de {Bruijn} graphs},
	Volume = {18},
	Year = {2008}}

@article{Kahn62aa,
	Author = {Kahn, Arthur B},
	Journal = {Communications of the ACM},
	Pages = {558--562},
	Title = {Topological sorting of large networks},
	Volume = {5},
	Year = {1962}}
